@misc{DollarBlog2013srf,
  title={Doll{\'a}r blog post on Structured Random Forests},
  author={Doll{\'a}r, P.},
  Howpublished={\url{https://pdollar.wordpress.com/2013/03/08/structured-random-forests/}},
  year={2013}
}
@misc{DollarICCV13PresentationSlides,
  title={Doll{\'a}r ICCV 2013 presentation slides},
  author={Doll{\'a}r, P.},
  Howpublished={\url{http://vision.ucsd.edu/~pdollar/files/papers/DollarICCV13edgesTalk.pptx}},
  year={2013}
}
@inproceedings{dollar2006supervised,
  title={Supervised learning of edges and object boundaries},
  author={Dollar, Piotr and Tu, Zhuowen and Belongie, Serge},
  booktitle={Conference on Computer Vision and Pattern Recognition (CVPR)},
  year={2006}
}
@incollection{Ren2006figure,
  title={Figure/ground assignment in natural images},
  author={Ren, X. and Fowlkes, C. and Malik, J.},
  booktitle={European Conference on Computer Vision (ECCV)},
  year={2006}
}
@article{Hallman2014,
  title={Oriented Edge Forests for Boundary Detection},
  author={Hallman, S. and Fowlkes, C.},
  journal={arXiv preprint arXiv:1412.4181},
  year={2014}
}
@article{Dollar2014fast,
  title={Fast edge detection using structured forests},
  author={Doll{\'a}r, P. and Zitnick,  C. L.},
  journal={arXiv preprint arXiv:1406.5549},
  year={2014}
}
@misc{Dollar2013toolbox,
  title={Piotr's image and video Matlab Toolbox ({PMT})},
  author={Doll{\'a}r, P.},
  Howpublished={\url{http://vision.ucsd.edu/\~pdollar/toolbox/doc/index.html}},
  year={2013}
} % {} around PMT preserves capitalisation in the title
@inproceedings{arbelaez2006boundary,
  title={Boundary extraction in natural images using ultrametric contour maps},
  author={Arbel\'aez, P.},
  booktitle={Conference on Computer Vision and Pattern Recognition (CVPR) Workshop},
  year={2006}
}
%%%%%%%%%%%%%%%%%%%%%%
@inproceedings{Maire2008using,
  title={Using contours to detect and localize junctions in natural images},
  author={Maire, M. and Arbel{\'a}ez, P. and Fowlkes, C. and Malik, J.},
  booktitle={Conference on Computer Vision and Pattern Recognition (CVPR)},
  year={2008}
}
@article{prewitt1970object,
  title={Object enhancement and extraction},
  author={Prewitt, Judith MS},
  journal={Picture processing and Psychopictorics},
  year={1970}
}
@article{sobel19683x3,
  title={A 3x3 isotropic gradient operator for image processing},
  author={Sobel, I. and Feldman, G.},
  year={1968}
}
@phdthesis{roberts1963machine,
  title={Machine perception of three-dimensional soups},
  author={Roberts, Lawrence Gilman},
  year={1963},
  school={Massachusetts Institute of Technology}
}
@article{canny1986computational,
  title={A computational approach to edge detection},
  author={Canny, J.},
  journal={Transaction on Pattern Analysis and Machine Intelligence (PAMI)},
  year={1986}
}
@article{marr1980theory,
  title={Theory of edge detection},
  author={Marr, D. and Hildreth, E.},
  journal={Proceedings of the Royal Society of London. Biological Sciences},
  year={1980}
} 
@article{deriche1987using,
  title={Using {C}anny's criteria to derive a recursively implemented optimal edge detector},
  author={Deriche, R.},
  booktitle={International Journal of Computer Vision (IJCV)},
  year={1987}
}
@inproceedings{rubner1996coalescing,
  title={Coalescing texture descriptors},
  author={Rubner, Yossi and Tomasi, Carlo},
  booktitle={ARPA Image Understanding Workshop},
  year={1996}
}
@inproceedings{will2000learning,
  title={On learning texture edge detectors},
  author={Will, Stefan and Hermes, Lothar and Buhmann, Joachim M and Puzicha, Jan},
  booktitle={International Conference on Image Processing (ICIP)},
  year={2000}
}
@article{martin2004learning,
  title={Learning to detect natural image boundaries using local brightness, color, and texture cues},
  author={Martin, D. R. and Fowlkes, C. and Malik, J.},
  journal={Transaction on Pattern Analysis and Machine Intelligence (PAMI)},
  year={2004}
}
@article{beucher1992morphological,
  title={The morphological approach to segmentation: the watershed transformation},
  author={Beucher, S. and Meyer, F.},
  journal={Optical Engineering - Marcel Dekker},
  year={1992}
}
@article{najman1996geodesic,
  title={Geodesic saliency of watershed contours and hierarchical segmentation},
  author={Najman, L. and Schmitt, M.},
  journal={Transaction on Pattern Analysis and Machine Intelligence (PAMI)},
  year={1996}
}
@misc{PINKlibrary,
  title={Library of operators in image processing {PINK}.},
  author={Couprie M.},
  Howpublished={\url{https://pinkhq.com/jhome/}},
}
@article{rosenfeld1976digital,
  title={Digital picture processing},
  author={Rosenfeld, A and Kak, AC},
  journal={Computer science},
  year={1976}
}
%%%%%%%%%%%%%%%%%%%%%%%%%%%%%%%%
@inproceedings{Felzenszwalb04,
    author = {P. F. Felzenszwalb and D. P. Huttenlocher},
    title = {Efficient Graph-Based Image Segmentation},
    booktitle = {International Journal of Computer Vision (IJCV)},
    year = {2004}
} %volume = {59}, %number = {2},
@inproceedings {Galasso14,
   author = {Galasso, F. and Keuper, M. and Brox, T. and Schiele, B.},
   title = {Spectral Graph Reduction for Efficient Image and Streaming Video Segmentation},
   booktitle = {Conference on Computer Vision and Pattern Recognition (CVPR)},
   year = {2014}
}
@inproceedings {Galasso11,
   author = {Galasso, F. and Iwasaki, M. and Nobori, K. and Cipolla, R.},
   title = {Spatio-Temporal Clustering of Probabilistic Region Trajectories},
   booktitle = {International Conference on Computer Vision (ICCV)},
   year = {2011}
}
@techreport{Fowlkes04,
    Author = {Fowlkes, C. and Malik, J.},
    Title = {How Much Does Globalization Help Segmentation?},
    Institution = {EECS -- UC Berkeley},
    Year = {2004},
}
@inproceedings{Arbelaez09,
  author = {Arbel\'aez, P. and Maire, M. and Fowlkes, C. and Malik, J.},
  booktitle = {Conference on Computer Vision and Pattern Recognition (CVPR)}, 
  title = {From contours to regions: An empirical evaluation},
  year = 2009
} %pages = {2294-2301},
@inproceedings{Arbelaez11,
  author = {Arbel\'aez, P. and Maire, M. and Fowlkes, C. and Malik, J.},
  booktitle = {Transaction on Pattern Analysis and Machine Intelligence (PAMI)},  
  title = {Contour Detection and Hierarchical Image Segmentation.}, 
  year = 2011
}%number = 5, %pages = {898-916}, %volume = 33,
@misc{BSDS500resources,
  title={Berkeley Segmentation Data Set ({BSDS}500) resources},
  author={Arbel\'aez, P. and Maire, M. and Fowlkes, C. and Malik, J.},
  Howpublished={\url{http://www.eecs.berkeley.edu/Research/Projects/CS/vision/grouping/resources.html}},
  year={2011}
  }
@inproceedings{Brox10,
  author = {Brox, T. and Malik, J.},
  booktitle = {European Conference on Computer Vision (ECCV)}, 
  title = {Object segmentation by long term analysis of point trajectories},
  year = 2010
} %pages = {282-295},
@inproceedings{GalassoCS12,
  author = {Galasso, F. and Cipolla, R. and Schiele, B.},
  booktitle = {Asian Conference on Computer Vision (ACCV)},
  title = {Video Segmentation with Superpixels.}, 
  year = 2012
}  %pages = {760-774}, %volume = 7724,
@inproceedings{Galasso13,
title = {A Unified Video Segmentation Benchmark: Annotation, Metrics and Analysis},
booktitle = {International Conference on Computer Vision (ICCV)},
year = {2013},
author = {Galasso, F. and Nagaraja, N. S. and Cardenas, T. Z. and Brox, T. and Schiele, B.}
}
@inproceedings{Martin01,
   author = {Martin, D. R. and Fowlkes, C. and Tal, D. and Malik, J.},
   booktitle = {International Conference on Computer Vision (ICCV)},  
   title = {A Database of Human Segmented Natural Images and its Application to Evaluating Segmentation Algorithms and Measuring Ecological Statistics.},
  year = 2001
} %pages = {416-425},
@inproceedings{UnnikrishnanPH07,
  author = {Unnikrishnan, R. and Pantofaru, C. and Hebert, M.},
  booktitle = {Transaction on Pattern Analysis and Machine Intelligence (PAMI)}, 
  title = {Toward Objective Evaluation of Image Segmentation Algorithms.},  
  year = 2007
}  %pages = {929-944},%volume = 29,
@inproceedings{LimZD13,
  author = {Lim, J. J. and Zitnick, C. L. and Doll\'ar, P.},
  booktitle = {Conference on Computer Vision and Pattern Recognition (CVPR)},
  title = {Sketch Tokens: A Learned Mid-level Representation for Contour and Object Detection.},
  year = 2013
} %pages = {3158-3165},
@inproceedings{KontschiederBBP11,
  author = {Kontschieder, P. and Bul\'o, S. R. and Bischof, H. and Pelillo, M.},
  booktitle = {International Conference on Computer Vision (ICCV)}, 
  title = {Structured class-labels in random forests for semantic image labelling.},
  year = 2011
} %pages = {2190-2197},
@inproceedings{DollarICCV13edges,
  author={Doll\'ar, P. and Zitnick, C. L.},
  title={Structured Forests for Fast Edge Detection},
  booktitle = {International Conference on Computer Vision (ICCV)},
  year={2013},
}
@article{Breiman01,
  author = {Breiman, L.},
  journal = {Machine Learning},
  title = {Random Forests}, 
  year = 2001
} % pages = {5-32},% volume = 45,
@techreport{Breiman04,
    Author = {Chen, C. and Liaw, A. and Breiman, L.},
    Title = {Using random forest to learn imbalanced data},
    Institution = {Department of Statistics, UC Berkeley},
    Year = {2004}
}
@book{breiman1984classification,
  title={Classification and regression trees},
  author={Breiman, Leo and Friedman, Jerome and Stone, Charles J and Olshen, Richard A},
  year={1984},
  publisher={CRC press}
}
@inproceedings{Criminisi12,
 author = {Criminisi, A. and Shotton, J. and Konukoglu, E.},
 title = {Decision Forests: A Unified Framework for Classification, Regression, Density Estimation, Manifold Learning and Semi-Supervised Learning},
 booktitle = {Foundations and Trends in Computer Graphics and Vision},
 year = {2012}
} %volume = {7}, %pages = {81-227}
@inproceedings{Nowozin12improvedinformation,
  author = {Nowozin S.},
  title = {Improved information gain estimates for decision tree induction},
  booktitle = {In ICML 2012},
  year = {2012}
}
@misc{nowozin2014decision,
  title={Decision tree training in machine learning},
  author={Nowozin, S.},
  url={http://www.google.com/patents/US20140122381},
  year={2014}
} %,month=may # "~1", publisher={Google Patents}, note={US Patent App. 13/660,692}

%%%%%%%%%%%%%%%%%%%%%%%%%%%%%%%% not used by me, shows pdf resources ('misc')
@misc{Hein13,
  title = {Tight relaxations of constrained fractional set programs into nonlinear eigenproblems},
  author ={Hein, M. and B\"{u}hler, T. and Jost, L. and Rangapuram, S. and Setzer, S.},
  Howpublished = {\url{http://www.lsta.upmc.fr/Hein.pdf}},
  note = {Workshop on Unsupervised Learning and High-dimensional Statistics},
  year = 2013
}
@misc{HeinNotes,
  author    = {Hein, M.},
  title     = {Lecture Notes on Machine Learning},
  Howpublished = {\url{http://www.ml.uni-saarland.de/Lectures/ML1213/Material/OldMLNotes.pdf}},
  year = {2012} 
}
